@misc{ssd1306,
  title = {ssd1306},
  medium = {online},
  note = {[vid. 2022-12-13]},
  URL = {https://www.hadex.cz/m508a-displej-oled-096-128x64-znaku-7pinu-bily/},
}

@misc{MAX30102,
  title = {MAX30102},
  medium = {online},
  note = {[vid. 2022-12-13]},
  URL = {https://www.hwkitchen.cz/max30102-snimac-pro-srdecni-tep-a-pulzni-oxymetr/},
}

@misc{platformio,
  title = {Platformio},
  medium = {online},
  note = {[vid. 2022-12-13]},
  URL = {https://platformio.org/},
}

@misc{adafruitGFX,
  title = {Adafruit-GFX-Library},
  medium = {online},
  note = {[vid. 2022-12-13]},
  URL = {https://github.com/adafruit/Adafruit-GFX-Library},
}

@misc{adafruitSsd1306,
  title = {Adafruit\_SSD1306},
  medium = {online},
  note = {[vid. 2022-12-13]},
  URL = {https://github.com/adafruit/Adafruit_SSD1306},
}

@misc{sparkfun,
  title = {SparkFun\_MAX3010x\_Sensor\_Library},
  medium = {online},
  note = {[vid. 2022-12-13]},
  URL = {https://github.com/sparkfun/SparkFun_MAX3010x_Sensor_Library},
}




